<?xml version="1.0" encoding="UTF-8"?><collection xmlns="http://www.loc.gov/MARC21/slim"><record><leader>00445nam--2200145-i-4500</leader><controlfield tag="001">000031929</controlfield><controlfield tag="002">20161230</controlfield><controlfield tag="005">20161230201038</controlfield><controlfield tag="008">060222s1000------------r-----000-0-eng-d</controlfield><datafield ind1=" " ind2=" " tag="080"><subfield code="a">614.876:541.182.2</subfield></datafield><datafield ind1=" " ind2=" " tag="100"><subfield code="a">Mercer, Thomas T</subfield></datafield><datafield ind1=" " ind2=" " tag="245"><subfield code="a">Aerosol technology in hazard evaluation</subfield></datafield><datafield ind1=" " ind2=" " tag="260"><subfield code="a">New York, Academic Press, 1973. Xi + 394p</subfield></datafield><datafield ind1=" " ind2=" " tag="490"><subfield code="a">Monograph Series On Industrial Hygiene, William E.Mccormick, Managing Editor</subfield></datafield><datafield ind1=" " ind2=" " tag="852"><subfield code="a">42427</subfield></datafield></record></collection>